
@ARTICLE{ edelman,
	AUTHOR		= "Edel'man, V. S.",
	TITLE		= "Levitated electrons",
	JOURNAL		= "Sov. Phys. Usp.",
	YEAR		= "1980",
	VOLUME		= "23",
	NUMBER		= "",
	PAGES		= "227--244",
	MONTH		= "April",
	NOTE		= ""
}

@ARTICLE{ ando_fowler_stern,
	AUTHOR		= "Ando, T. and Fowler, A. and Stern, F.",
	TITLE		= "Electronic properties of two-dimensional systems",
	JOURNAL		= "Rev. Mod. Phys.",
	YEAR		= "1982",
	VOLUME		= "54",
	NUMBER		= "",
	PAGES		= "437",
	MONTH		= "",
	NOTE		= "",
}

@ARTICLE{ alhassid,
	AUTHOR		= "Alhassid, Y.",
	TITLE		= "The statistical theory of quantum dots",
	JOURNAL		= "Rev. Mod. Phys. ",
	YEAR		= "2000",
	VOLUME		= "72 ",
	NUMBER		= "",
	PAGES		= "895",
	MONTH		= "",
	NOTE		= "",
}

@ARTICLE{ luttinger,
	AUTHOR		= "Luttinger, J. M.",
	TITLE		= "An exactly soluble model of a many-fermion system",
	JOURNAL		= "J. Math. Phys.",
	YEAR		= "1963",
	VOLUME		= "4",
	NUMBER		= "",
	PAGES		= "1154",
	MONTH		= "",
	NOTE		= "",
}

@ARTICLE{ kroemer,
	AUTHOR		= "Kroemer, H.",
	TITLE		= "A proposed class of heterojunction lasers",
	JOURNAL		= "Proc. IEEE",
	YEAR		= "1963",
	VOLUME		= "51",
	NUMBER		= "",
	PAGES		= "1782",
	MONTH		= "",
	NOTE		= "",
}

@ARTICLE{ rupprecht_woodall_pettit,
	AUTHOR		= "Rupprecht, H. and Woodall, J. M. and Pettit, G. D.",
	TITLE		= "Efficient visible electroluminescence at 300~K from Gal-x Alx Asp-n junctions grown by liquid-phase epitaxy",
	JOURNAL		= "Appl. Phys. Lett.",
	YEAR		= "1967",
	VOLUME		= "11",
	NUMBER		= "",
	PAGES		= "81",
	MONTH		= "",
	NOTE		= "",
}

@ARTICLE{ cole,
	AUTHOR		= "Cole, M. W.",
	TITLE		= "Properties of image-potential-induced surface states of insulators",
	JOURNAL		= "Phys. Rev. B",
	YEAR		= "1970",
	VOLUME		= "2",
	NUMBER		= "",
	PAGES		= "4239",
	MONTH		= "",
	NOTE		= "",
}

@ARTICLE{ cole_cohen,
	AUTHOR		= "Cole, M. W. and Cohen, M. H.",
	TITLE		= "Image-potential-induced surface bands in insulators",
	JOURNAL		= "Phys. Rev. Lett.",
	YEAR		= "1969",
	VOLUME		= "23",
	NUMBER		= "",
	PAGES		= "1238",
	MONTH		= "",
	NOTE		= "",
}

@ARTICLE{ shikin,
	AUTHOR		= "Shikin, V. B.",
	TITLE		= "Motion of helium ions near a vapour-liquid surface",
	JOURNAL		= "Sov. Phys. JETP",
	YEAR		= "1970",
	VOLUME		= "31",
	NUMBER		= "",
	PAGES		= "939",
	MONTH		= "",
	NOTE		= "",
}

@ARTICLE{ williams_crandall_willis,
	AUTHOR		= "Williams, F. I. B. and Crandall, R. S. and Willis, A. H.",
	TITLE		= "Surface states of electrons on liquid helium",
	JOURNAL		= "Phys. Rev. Lett.",
	YEAR		= "1971",
	VOLUME		= "26",
	NUMBER		= "",
	PAGES		= "7",
	MONTH		= "",
	NOTE		= "",
}

@ARTICLE{ wigner,
	AUTHOR		= "Wigner, W.",
	TITLE		= "On the interaction of electrons in metals",
	JOURNAL		= "Phys. Rev.",
	YEAR		= "1934",
	VOLUME		= "46",
	NUMBER		= "",
	PAGES		= "1002",
	MONTH		= "",
	NOTE		= "",
}

@ARTICLE{ platzman_fukuyama,
	AUTHOR		= "Platzman, P. M. and Fukuyama, H.",
	TITLE		= "Phase diagram of the two-dimensional electron liquid",
	JOURNAL		= "Phys. Rev. B",
	YEAR		= "1974",
	VOLUME		= "10",
	NUMBER		= "",
	PAGES		= "3150",
	MONTH		= "",
	NOTE		= "",
}

@ARTICLE{ grimes_adams,
	AUTHOR		= "Grimes, C. C. and Adams, G.",
	TITLE		= "Evidence for a liquid to crystal transition in a classical, two-dimensional sheet of electrons",
	JOURNAL		= "Phys. Rev. Lett.",
	YEAR		= "1979",
	VOLUME		= "42",
	NUMBER		= "",
	PAGES		= "795",
	MONTH		= "",
	NOTE		= "",
}

@ARTICLE{ klitzing_dorda_pepper,
	AUTHOR		= "Klitzing, K. V. and Dorda, G. and Pepper, M.",
	TITLE		= "New method for high-accuracy determination of the fine-structure constant based on quantized Hall resistance",
	JOURNAL		= "Phys. Rev. Lett.",
	YEAR		= "1980",
	VOLUME		= "45",
	NUMBER		= "",
	PAGES		= "494",
	MONTH		= "",
	NOTE		= "",
}

@ARTICLE{ tsui_stormer_gossard,
	AUTHOR		= "Tsui, D. C. and Stormer, H. L. and Gossard, A. C.",
	TITLE		= "Two-dimensional magnetotransport in the extreme quantum limit",
	JOURNAL		= "Phys. Rev. Lett.",
	YEAR		= "1982",
	VOLUME		= "48",
	NUMBER		= "",
	PAGES		= "1559",
	MONTH		= "",
	NOTE		= "",
}

@ARTICLE{ laughlin,
	AUTHOR		= "Laughlin, R. B.",
	TITLE		= "Anomalous quantum Hall effect: An incompressible quantum fluid with fractionally charged excitations",
	JOURNAL		= "Phys. Rev. Lett.",
	YEAR		= "1983",
	VOLUME		= "50",
	NUMBER		= "",
	PAGES		= "1395",
	MONTH		= "",
	NOTE		= "",
}

@ARTICLE{ abrahams_etc,
	AUTHOR		= "Abrahams, E. and Anderson, P. W. and Licciardello, D. C. and Ramakrishnan, T.V.",
	TITLE		= "Scaling theory of localizations: absence of quantum diffusion in two-dimensions",
	JOURNAL		= "Phys. Rev. Lett.",
	YEAR		= "1979",
	VOLUME		= "42",
	NUMBER		= "",
	PAGES		= "673",
	MONTH		= "",
	NOTE		= "",
}

@ARTICLE{ tanatar_hakioglu,
	AUTHOR		= "Tanatar, B. and Hakioglu, T.",
	TITLE		= "Superconductivity of two-dimensional electrons on the surface of liquid helium films",
	JOURNAL		= "Sol. St. Comm.",
	YEAR		= "1993",
	VOLUME		= "88",
	NUMBER		= "",
	PAGES		= "115",
	MONTH		= "",
	NOTE		= "",
}

@ARTICLE{ platzman_dykman,
	AUTHOR		= "Platzman, P. M. and Dykman, M. I.",
	TITLE		= "Quantum computing with electrons floating on liquid helium",
	JOURNAL		= "Science",
	YEAR		= "1999",
	VOLUME		= "284",
	NUMBER		= "",
	PAGES		= "1967",
	MONTH		= "",
	NOTE		= "",
}

@BOOK{ zinn-justin,
	AUTHOR		= "Zinn-Justin, J.",
	TITLE		= "Quantum field theory and critical phenomena",
	PUBLISHER	= "Clarendon Press",
	YEAR		= "1996",
	VOLUME		= "",
	SERIES		= "",
	ADDRESS		= "",
	EDITION		= "",
	MONTH		= "",
	NOTE		= ""
}

@BOOK{ datta,
	AUTHOR		= "Datta, S.",
	TITLE		= "Electronic transport in mesoscopic systems",
	PUBLISHER	= "Cambridge University Press",
	YEAR		= "1995",
	VOLUME		= "",
	SERIES		= "",
	ADDRESS		= "",
	EDITION		= "",
	MONTH		= "",
	NOTE		= ""
}

@BOOK{ monarkha_kono,
	AUTHOR		= "Monarkha, Yu. P. and Kono, K.",
	TITLE		= "Two-dimensional Coulomb liquids and solids",
	PUBLISHER	= "Springer",
	YEAR		= "2004",
	VOLUME		= "",
	SERIES		= "",
	ADDRESS		= "",
	EDITION		= "",
	MONTH		= "",
	NOTE		= ""
}

@ARTICLE{ thouless,
	AUTHOR		= "Thouless, D. J.",
	TITLE		= "Electrons in disordered systems and the theory of localization",
	JOURNAL		= "Phys. Rep.",
	YEAR		= "1974",
	VOLUME		= "13",
	NUMBER		= "",
	PAGES		= "93",
	MONTH		= "",
	NOTE		= "",
}

@BOOK{ landau_lifshitz_8,
	AUTHOR       = "Landau, L. D. and Lifshitz, E. M.",
	TITLE        = "Electrodynamics of continuous media",
	PUBLISHER    = "Pergamon Press",
	YEAR         = "1984",
	VOLUME       = "8",
	SERIES       = "Theoretical physics",
	ADDRESS      = "",
	EDITION      = "",
	MONTH        = "",
	NOTE         = ""
}

@PHDTHESIS{ koutsoumpos,
	AUTHOR       = "Koutsoumpos, S.",
	TITLE        = "Surface State Electron Dynamics on Deformed Liquid Helium Films",
	SCHOOL       = "Konstanz",
	YEAR         = "2010",
	ADDRESS      = "",
	MONTH        = "",
	NOTE         = ""
}

@PHDTHESIS{ lambert,
	AUTHOR       = "Lambert, D. K.",
	TITLE        = "Electrons on the surface of liquid helium",
	SCHOOL       = "Lawrence Berkeley Laboratory",
	YEAR         = "1979",
	ADDRESS      = "",
	MONTH        = "",
	NOTE         = ""
}

@PHDTHESIS{ skachko,
	AUTHOR       = "Skachko, I.",
	TITLE        = "Phase diagram of a 2-dimensional electron system on the surface of liquid helium",
	SCHOOL       = "Rutgers, The State University of New Jersey",
	YEAR         = "2006",
	ADDRESS      = "",
	MONTH        = "",
	NOTE         = ""
}

@ARTICLE{ rybalko_kovdrya_eselson,
	AUTHOR		= "Rybalko, A. S. and Kovdrya, Yu. Z. and Esel'son, B. N.",
	TITLE		= "Electron mobility near the surface of liquid helium at temperatures down to 0.5K",
	JOURNAL		= "JETP Lett.",
	YEAR		= "1976",
	VOLUME		= "22",
	NUMBER		= "",
	PAGES		= "280",
	MONTH		= "",
	NOTE		= "",
}

@ARTICLE{ grimes_adams_1,
	AUTHOR		= "Grimes, C. C. and Adams, G.",
	TITLE		= "Observation of two-dimensional plasmons and electron-ripplon scattering in a sheet of electrons on liquid helium",
	JOURNAL		= "Phys. Rev. Lett. ",
	YEAR		= "1976",
	VOLUME		= "",
	NUMBER		= "36",
	PAGES		= "145--148",
	MONTH		= "",
	NOTE		= "",
}

@ARTICLE{ kosterlitz_thouless,
	AUTHOR		= "Kosterlitz, J. M. and Thouless, D. J.",
	TITLE		= "Ordering, metastability and phase transition in two-dimensional systems",
	JOURNAL		= "J. Phys. C",
	YEAR		= "1973",
	VOLUME		= "",
	NUMBER		= "6",
	PAGES		= "1181",
	MONTH		= "",
	NOTE		= "",
}

@ARTICLE{ brown_grimes,
	title = {Observation of Cyclotron Resonance in Surface-Bound Electrons on Liquid Helium},
	author = {Brown, T. R. and Grimes, C. C.},
	journal = {Phys. Rev. Lett.},
	volume = {29},
	issue = {18},
	pages = {1233--1236},
	year = {1972},
	month = {Oct},
	doi = {10.1103/PhysRevLett.29.1233},
	url = {http://link.aps.org/doi/10.1103/PhysRevLett.29.1233},
	publisher = {American Physical Society}
}

@ARTICLE{ gorkov_chernikova,
title = {Concerning the structure of a charged surface of liquid helium},
	author = {Gor'kov, L. P. and Chernikova, D. M.},
	journal = {JETP Lett.},
	volume = {18},
	issue = {2},
	pages = {119--122},
	year = {1973},
	month = {Jul},
}

@BOOK{ kleinert,
	AUTHOR		= "Kleinert, H.",
	TITLE		= "Gauge fields in condenced matter",
	PUBLISHER	= "World Scientific",
	YEAR		= "1987",
	VOLUME		= "",
	SERIES		= "",
	ADDRESS		= "",
	EDITION		= "",
	MONTH		= "",
	NOTE		= ""
}

@ARTICLE{ edwards_lennard,
title = {Exact Statistical Mechanics of a One‚ÄêDimensional System with Coulomb Forces. II. The Method of Functional Integration},
	author = {Edwards, S. F. and Lennard, A.},
	journal = {J. Math. Phys.},
	volume = {3},
	pages = {778},
	year = {1962}
}

@article{ samuel,
  title = {Grand partition function in field theory with applications to sine-Gordon field theory},
  author = {Samuel, Stu},
  journal = {Phys. Rev. D},
  volume = {18},
  issue = {6},
  pages = {1916--1932},
  year = {1978},
  month = {Sep},
  doi = {10.1103/PhysRevD.18.1916},
  url = {http://link.aps.org/doi/10.1103/PhysRevD.18.1916},
  publisher = {American Physical Society}
}

@article{ hubbard,
  title = {Calculation of Partition Functions},
  author = {Hubbard, J.},
  journal = {Phys. Rev. Lett.},
  volume = {3},
  issue = {2},
  pages = {77--78},
  year = {1959},
  month = {Jul},
  doi = {10.1103/PhysRevLett.3.77},
  url = {http://link.aps.org/doi/10.1103/PhysRevLett.3.77},
  publisher = {American Physical Society}
}

@article{ lev_zhugayevich,
  title = {Statistical description of model systems of interacting particles and phase transitions accompanied by cluster formation},
  author = {Lev, B. I. and Zhugaevych, A. Ya.},
  journal = {Phys. Rev. E},
  volume = {57},
  issue = {6},
  pages = {6460--6469},
  year = {1998},
  month = {Jun},
  doi = {10.1103/PhysRevE.57.6460},
  url = {http://link.aps.org/doi/10.1103/PhysRevE.57.6460},
  publisher = {American Physical Society}
}


@ARTICLE{ kralchevsky_nagayama_1,
	AUTHOR       = "Kralchevsky, P. A. and Nagayama, K.",
	TITLE        = "Capillary forces between paticles bound to interfaces, liquid films and biomembranes",
	JOURNAL      = "Advances in Colloid and Interface Science",
	YEAR         = "2000",
	VOLUME       = "85",
	NUMBER       = "",
	PAGES        = "145--192",
	MONTH        = "",
	NOTE         = ""
}

@ARTICLE{ gerson_etc,
	AUTHOR       = "Gerson, D. F. and Zaijc, J. E. and Ouchi, M. D. and Tomlinson Ed., M.",
	TITLE        = "Chemistry for energy",
	JOURNAL      = "ACS symposium series",
	YEAR         = "1979",
	VOLUME       = "",
	NUMBER       = "",
	PAGES        = "66",
	MONTH        = "",
	NOTE         = ""
}

@ARTICLE{ henry_prudich_vaidyanathan,
	AUTHOR       = "Henry, J. D. and Prudich, M. E. and Vaidyanathan, K. R.",
	TITLE        = "",
	JOURNAL      = "Sep.Purif.Methods",
	YEAR         = "1979",
	VOLUME       = "8",
	NUMBER       = "",
	PAGES        = "81",
	MONTH        = "",
	NOTE         = ""
}

@ARTICLE{ nicolson,
	AUTHOR       = "Nicolson, M. M.",
	TITLE        = "",
	JOURNAL      = "Proc. Cambridge Philos. Soc.",
	YEAR         = "1949",
	VOLUME       = "45",
	NUMBER       = "",
	PAGES        = "288",
	MONTH        = "",
	NOTE         = ""
}

@ARTICLE{ chan_henry_white,
	AUTHOR       = "Chan, D. Y. C. and Henry, J. D. and White, L. R.",
	TITLE        = "The interaction of colloidal particles collected at fluid interfaces",
	JOURNAL      = "J. Colloid Interface Sci.",
	YEAR         = "1981",
	VOLUME       = "79",
	NUMBER       = "2",
	PAGES        = "410--418",
	MONTH        = "February",
	NOTE         = ""
}

@ARTICLE{ paunov_etc,
	AUTHOR       = "Paunov, V. N. and Kralchevsky, P. A. and Denkov, N. D. and Nagayama, K.",
	TITLE        = "Lateral Capillary Forces Between Floating Submillimeter Particles",
	JOURNAL      = "J. Colloid Interface Sci.",
	YEAR         = "1993",
	VOLUME       = "157",
	NUMBER       = "",
	PAGES        = "100--112",
	MONTH        = "",
	NOTE         = ""
}


@ARTICLE{ kralchevsky_nagayama,
	AUTHOR       = "Kralchevsky, P. A. and Nagayama, K.",
	TITLE        = "Capillary Forces between Colloidal Particles",
	JOURNAL      = "Langmuir",
	YEAR         = "1994",
	VOLUME       = "10",
	NUMBER       = "",
	PAGES        = "23--36",
	MONTH        = "",
	NOTE         = ""
}


@ARTICLE{ kralchevsky_etc,
	AUTHOR       = "Kralchevsky, P. A. and Paunov, V. N. and Denkov, N. D. and Nagayama, K.",
	TITLE        = "Capillary Image Forces: I. Theory",
	JOURNAL      = "J. Colloid Interface Sci.",
	YEAR         = "1994",
	VOLUME       = "167",
	NUMBER       = "",
	PAGES        = "47--65",
	MONTH        = "",
	NOTE         = ""
}

@ARTICLE{GrainDynamics,
	AUTHOR       = "Lev, Bohdan Ivanovich and Zagorodny, Anatoliy Glibovich",
	TITLE        = "Structure formation in system of Brownian particles in dusty plasma",
	JOURNAL      = "Phys. Lett.",
	YEAR         = "2009",
	VOLUME       = "373",
	NUMBER       = "12-13",
	NUMPAGES     = "1101-1104",
	MONTH        = "",
	NOTE         = "",
	language     = "english"
}

@ARTICLE{StronglyCollisional,
	AUTHOR       = "Lev, Bohdan Ivanovich and Tymchyshyn, Vitaliy Bohdanovich and Zagorodny, Anatoliy Glibovich",
	TITLE        = "Brownian particle in nonequilibrium plasma",
	JOURNAL      = "Cond.Matter Phys.",
	YEAR         = "2009",
	VOLUME       = "12",
	NUMBER       = "4",
	NUMPAGES     = "593-602",
	MONTH        = "",
	NOTE         = "",
	language     = "english"
}
@ARTICLE{myPublication,
	AUTHOR       = "Lev, Bohdan Ivanovich and Tymchyshyn, Vitaliy Bohdanovich and Zagorodny, Anatoliy Glibovich",
	TITLE        = "Influence of charging current fluctuations on the grain velocity distribution in weakly-ionized plasmas",
	JOURNAL      = "Phys.Lett.A",
	YEAR         = "2011",
	VOLUME       = "375",
	NUMBER       = "3",
	NUMPAGES     = "593-597",
	MONTH        = "January",
	NOTE         = ""
}

@ARTICLE{krasnoholovets_lev,
	AUTHOR       = "Krasnoholovets, V. and Lev, Bohdan Ivanovich",
	TITLE        = "Systems of particles with interaction and the cluster formation in condensed matter",
	JOURNAL      = "Cond.Matter Phys.",
	YEAR         = "2003",
	VOLUME       = "6",
	NUMBER       = "1",
	PAGES        = "67--83",
	MONTH        = "",
	NOTE         = ""
}
