
@ARTICLE{ Helium1,
	AUTHOR		= "E.Abrahams and P.W.Anderson and D.C.Licciardello and T.V.Ramakrishnan",
	TITLE			= "Scaling theory of localizations: absence of quantum diffusion in two-dimensions",
	JOURNAL		= "Phys.Rev.Lett.",
	YEAR			= "1979",
	VOLUME		= "42",
	NUMBER		= "",
	PAGES			= "673",
	MONTH			= "",
	NOTE			= "",
}



@ARTICLE{ Helium2,
	AUTHOR		= "P.W.Adams and M.A.Paalanen",
	TITLE			= "Localization in an on-degenerate two-dimensional electron gas",
	JOURNAL		= "Phys.Rev.Lett.",
	YEAR			= "1987",
	VOLUME		= "58",
	NUMBER		= "",
	PAGES			= "2106",
	MONTH			= "",
	NOTE			= "",
}



@ARTICLE{ Helium3,
	AUTHOR		= "Y.Alhassid",
	TITLE			= "The statistical theory of quantum dots",
	JOURNAL		= "Rev.Mod.Phys. ",
	YEAR			= "2000",
	VOLUME		= "72 ",
	NUMBER		= "",
	PAGES			= "895",
	MONTH			= "",
	NOTE			= "",
}



@ARTICLE{ Helium4,
	AUTHOR		= "B.L.Altshuler and D.Khmel’nitzkii and A.I.Larkin and P.A.Lee",
	TITLE			= "Magnetoresistance and Hall effect in a disordered two-dimensional electron gas",
	JOURNAL		= "Phys.Rev.B",
	YEAR			= "1980",
	VOLUME		= "22",
	NUMBER		= "",
	PAGES			= "5142",
	MONTH			= "",
	NOTE			= "",
}



@ARTICLE{ Helium5,
	AUTHOR		= "B.L.Altshuler and P.A.Lee",
	TITLE			= "Disordered electronic systems",
	JOURNAL		= "Physics Today ",
	YEAR			= "1988",
	VOLUME		= "41",
	NUMBER		= "",
	PAGES			= "36",
	MONTH			= "",
	NOTE			= "",
}



@ARTICLE{ Helium6,
	AUTHOR		= "P.W.Anderson",
	TITLE			= "Absence of diffusion in certain random lattices",
	JOURNAL		= "Phys.Rev. ",
	YEAR			= "1958",
	VOLUME		= "109",
	NUMBER		= "",
	PAGES			= "1492",
	MONTH			= "",
	NOTE			= "",
}



@ARTICLE{ Helium7,
	AUTHOR		= "T.Ando and A.Fowler and F.Stern",
	TITLE			= "Electronic properties of two-dimensional systems",
	JOURNAL		= "Rev.Mod.Phys.",
	YEAR			= "1982",
	VOLUME		= "54",
	NUMBER		= "",
	PAGES			= "437",
	MONTH			= "",
	NOTE			= "",
}



@ARTICLE{ Helium8,
	AUTHOR		= "T.Ando and Y.Uemura",
	TITLE			= "Theory of quantum transport in a two-dimensional electron system under magnetic fields. I. Characteristics of level broadening and transport under strong magnetic fields",
	JOURNAL		= "J.Phys.Soc.Japan",
	YEAR			= "1974",
	VOLUME		= "36",
	NUMBER		= "",
	PAGES			= "959",
	MONTH			= "",
	NOTE			= "",
}



@ARTICLE{ Helium9,
	AUTHOR		= "E.Y.Andrei",
	TITLE			= "Observation of the polaronic transition in a two-dimensional electron system",
	JOURNAL		= "Phys.Rev.Lett.",
	YEAR			= "1984",
	VOLUME		= "52",
	NUMBER		= "",
	PAGES			= "1449",
	MONTH			= "",
	NOTE			= "",
}



@BOOK{ Helium10,
	AUTHOR       = "E.Y.Andrei(ed.)",
	TITLE        = "Two-dimensional electron systems on helium and other cryogenic substrates",
	PUBLISHER    = "Kluwer Academic Publishers",
	YEAR         = "1997",
	VOLUME       = "",
	SERIES       = "",
	ADDRESS      = "",
	EDITION      = "",
	MONTH        = "",
	NOTE         = ""
}



@ARTICLE{ Helium11,
	AUTHOR		= "J.F.Babb",
	TITLE			= "Long-range atom-surface interactions for cold atoms,",
	JOURNAL		= "J.Phys.:Conf.Ser.",
	YEAR			= "2005",
	VOLUME		= "19",
	NUMBER		= "",
	PAGES			= "1",
	MONTH			= "",
	NOTE			= "",
}



@ARTICLE{ Helium12,
	AUTHOR		= "G.Bergmann",
	TITLE			= "Weak localization in thin films",
	JOURNAL		= "Phys.Rep.",
	YEAR			= "1984",
	VOLUME		= "107",
	NUMBER		= "",
	PAGES			= "1",
	MONTH			= "",
	NOTE			= "",
}



@ARTICLE{ Helium13,
	AUTHOR		= "T.R.Brown and C.C.Grimes",
	TITLE			= "Observation of cyclotron resonance in surface-bound electrons on liquid helium",
	JOURNAL		= "Phys.Rev.Lett.",
	YEAR			= "1972",
	VOLUME		= "29",
	NUMBER		= "",
	PAGES			= "1233",
	MONTH			= "",
	NOTE			= "",
}



@ARTICLE{ Helium14,
	AUTHOR		= "V.A.Buntar and V.N.Grigor’ov and O.I.Kirichek and Yu.P.Monarkha and Yu.Z.Kovdrya and S.S.Sokolov",
	TITLE			= "Kinetic properties of surface electrons over helium under strong electron-electron interaction",
	JOURNAL		= "J.LowTemp.Phys.",
	YEAR			= "1990",
	VOLUME		= "79",
	NUMBER		= "",
	PAGES			= "323",
	MONTH			= "",
	NOTE			= "",
}



@ARTICLE{ Helium15,
	AUTHOR		= "H.B.G.Casimir and D.Polder",
	TITLE			= "The influence of retardation on the London - van\,der\,Waals forces",
	JOURNAL		= "Phys.Rev.",
	YEAR			= "1948",
	VOLUME		= "73",
	NUMBER		= "",
	PAGES			= "360",
	MONTH			= "",
	NOTE			= "",
}



@ARTICLE{ Helium16,
	AUTHOR		= "E.Cheng and M.W.Cole and M.H.Cohen",
	TITLE			= "Binding of electrons to the surface of liquid helium",
	JOURNAL		= "Phys.Rev.B",
	YEAR			= "1994,",
	VOLUME		= "50",
	NUMBER		= "",
	PAGES			= "1136",
	MONTH			= "",
	NOTE			= "",
}



@ARTICLE{ Helium17,
	AUTHOR		= "E.Cheng and M.W.Cole and W.F.Saam and J.Treiner",
	TITLE			= "Helium prewetting and nonwetting on weak-binding substrates",
	JOURNAL		= "Phys.Rev.Lett.",
	YEAR			= "1991",
	VOLUME		= "67",
	NUMBER		= "",
	PAGES			= "1007",
	MONTH			= "",
	NOTE			= "",
}



@BOOK{ Helium18,
	AUTHOR       = "C.Cohen-Tannoudji and B.Diu and F.Laloe",
	TITLE        = "Quantum mechanics",
	PUBLISHER    = "A Wiley-Interscience Publication",
	YEAR         = "1977",
	VOLUME       = "1-2",
	SERIES       = "",
	ADDRESS      = "",
	EDITION      = "",
	MONTH        = "",
	NOTE         = ""
}



@ARTICLE{ Helium19,
	AUTHOR      = "M.W.Cole",
	TITLE       = "Properties of image-potential-induced surface states of insulators",
	JOURNAL     = "Phys.Rev.B",
	YEAR        = "1970",
	VOLUME      = "2",
	NUMBER      = "",
	PAGES       = "4239",
	MONTH       = "",
	NOTE        = "",
}



@ARTICLE{ Helium20,
	AUTHOR		= "M.W.Cole",
	TITLE			= "Electronic surface states of liquid helium",
	JOURNAL		= "Rev.Mod.Phys.",
	YEAR			= "1974",
	VOLUME		= "46",
	NUMBER		= "",
	PAGES			= "451",
	MONTH			= "",
	NOTE			= "",
}



@ARTICLE{ Helium21,
	AUTHOR		= "M.W.Cole and M.H.Cohen",
	TITLE			= "Image-potential-induced surface bands in insulators",
	JOURNAL		= "Phys.Rev.Lett.",
	YEAR			= "1969",
	VOLUME		= "23",
	NUMBER		= "",
	PAGES			= "1238",
	MONTH			= "",
	NOTE			= "",
}



@ARTICLE{ Helium22,
	AUTHOR		= "E.Collin and W.Bailey and P.Fozooni and P.G.Frayne and P.Glasson and K.Harrabi and M.J.Lea and G.Papageorgiou",
	TITLE			= "Microwave saturation and the Rabi frequency of the Rydberg states of electrons on helium",
	JOURNAL		= "Physica\,E",
	YEAR			= "2003",
	VOLUME		= "18",
	NUMBER		= "",
	PAGES			= "186",
	MONTH			= "",
	NOTE			= "",
}



@ARTICLE{ Helium23,
	AUTHOR		= "E.Collin and W.Bailey and P.Fozooni and P.J.Frayne and P.Glasson and K.Harrabi and M.J.Lea and G.Papageorgiou",
	TITLE			= "Microwave saturation of the Rydberg states of electrons on helium",
	JOURNAL		= "Phys.Rev.Lett.",
	YEAR			= "2002",
	VOLUME		= "89",
	NUMBER		= "",
	PAGES			= "245301",
	MONTH			= "",
	NOTE			= "",
}



@ARTICLE{ Helium24,
	AUTHOR		= "R.S.Crandall and R.Williams",
	TITLE			= "Properties of electron surface states on liquid helium",
	JOURNAL		= "Phys.Rev.A",
	YEAR			= "1972",
	VOLUME		= "5",
	NUMBER		= "",
	PAGES			= "2183",
	MONTH			= "",
	NOTE			= "",
}



@ARTICLE{ Helium25,
	AUTHOR		= "A.J.Dahm",
	TITLE			= "Possibility of ripplon induced weak localization of electrons",
	JOURNAL		= "Low\,Temp.Phys. ",
	YEAR			= "1997",
	VOLUME		= "23",
	NUMBER		= "",
	PAGES			= "480",
	MONTH			= "",
	NOTE			= "",
}



@ARTICLE{ Helium26,
	AUTHOR		= "A.J.Dahm and J.A.Heilman and I.Karakurt and T.J.Peshek",
	TITLE			= "Quantum computing with electrons on helium",
	JOURNAL		= "Physica\,E",
	YEAR			= "2003",
	VOLUME		= "18",
	NUMBER		= "",
	PAGES			= "169",
	MONTH			= "",
	NOTE			= "",
}



@BOOK{ Helium27,
	AUTHOR       = "S.Datta",
	TITLE        = "Electronic transport in mesoscopic systems",
	PUBLISHER    = "Cambridge University Press",
	YEAR         = "1995",
	VOLUME       = "",
	SERIES       = "",
	ADDRESS      = "",
	EDITION      = "",
	MONTH        = "",
	NOTE         = ""
}



@BOOK{ Helium28,
	AUTHOR       = "J.G.Daunt and D.O.Edwards and F.J.Milford and M.Yaqub(eds.)",
	TITLE        = "Low temperature physics(LT9)",
	PUBLISHER    = "PlenumPress",
	YEAR         = "1965",
	VOLUME       = "",
	SERIES       = "",
	ADDRESS      = "",
	EDITION      = "",
	MONTH        = "",
	NOTE         = ""
}



@ARTICLE{ Helium29,
	AUTHOR		= "D.P.Di~Vincenzo",
	TITLE			= "The physical implementation of quantum computation",
	JOURNAL		= "Fortschr.Phys. ",
	YEAR			= "2000",
	VOLUME		= "48 ",
	NUMBER		= "",
	PAGES			= "771",
	MONTH			= "",
	NOTE			= "",
}



@ARTICLE{ Helium30,
	AUTHOR		= "G.Dresselhaus and A.F.Kip and C.Kittel",
	TITLE			= "Cyclotron resonance of electrons and holes in silicon and germanium crystals",
	JOURNAL		= "Phys.Rev.",
	YEAR			= "1955",
	VOLUME		= "98",
	NUMBER		= "",
	PAGES			= "368",
	MONTH			= "",
	NOTE			= "",
}



@ARTICLE{ Helium31,
	AUTHOR		= "M.I.Dykman and L.S.Khazan",
	TITLE			= "Effect of the interaction between nondegenerate electrons localized in a thin surface layer on the cyclotron resonance",
	JOURNAL		= "JETP",
	YEAR			= "1979",
	VOLUME		= "50",
	NUMBER		= "",
	PAGES			= "747",
	MONTH			= "",
	NOTE			= "",
}



@ARTICLE{ Helium32,
	AUTHOR		= "M.I.Dykman and M.J.Lea and P.Fozooni and J.Frost",
	TITLE			= "Magnetoresistance in 2D electrons on liquid helium: Many-electron versus single-electron kinetics",
	JOURNAL		= "Phys.Rev.Lett.",
	YEAR			= "1993",
	VOLUME		= "70",
	NUMBER		= "",
	PAGES			= "3975",
	MONTH			= "",
	NOTE			= "",
}



@ARTICLE{ Helium33,
	AUTHOR		= "M.I.Dykman and P.M.Platzman",
	TITLE			= "Quantum computing using electrons floating on liquid helium",
	JOURNAL		= "Fortschr.Phys.",
	YEAR			= "2000",
	VOLUME		= "48",
	NUMBER		= "",
	PAGES			= "1095",
	MONTH			= "",
	NOTE			= "",
}



@BOOK{ Helium34,
	AUTHOR       = "C.Enss and S.Hunklinger",
	TITLE        = "Tiethemperaturphysik",
	PUBLISHER    = "Springer",
	YEAR         = "2000",
	VOLUME       = "",
	SERIES       = "",
	ADDRESS      = "",
	EDITION      = "",
	MONTH        = "",
	NOTE         = ""
}



@ARTICLE{ Helium35,
	AUTHOR		= "H.Etz and W.Gombert and W.Idstein and P.Leiderer",
	TITLE			= "Stability of charged He films",
	JOURNAL		= "Phys.Rev.Lett. ",
	YEAR			= "1984",
	VOLUME		= "53",
	NUMBER		= "",
	PAGES			= "2567",
	MONTH			= "",
	NOTE			= "",
}



@ARTICLE{ Helium36,
	AUTHOR		= "L.H.Germer",
	TITLE			= "The distribution of initial velocities among thermionic electrons",
	JOURNAL		= "Phys.Rev. ",
	YEAR			= "1925",
	VOLUME		= "25 ",
	NUMBER		= "",
	PAGES			= "795",
	MONTH			= "",
	NOTE			= "",
}



@ARTICLE{ Helium37,
	AUTHOR		= "D.C.Glattli and E.Y.Andrei and F.I.B.Williams",
	TITLE			= "Thermodynamic measurement on the melting of a two-dimensional electron solid",
	JOURNAL		= "Phys.Rev.Lett.",
	YEAR			= "1988",
	VOLUME		= "60",
	NUMBER		= "",
	PAGES			= "420",
	MONTH			= "",
	NOTE			= "",
}



@ARTICLE{ Helium38,
	AUTHOR		= "C.C.Grimes and G.Adams",
	TITLE			= "Observation of two-dimensional plasmons and electron-ripplon scattering in a sheet of electrons on liquid helium",
	JOURNAL		= "Phys.Rev.Lett. ",
	YEAR			= "145",
	VOLUME		= "1976",
	NUMBER		= "",
	PAGES			= "",
	MONTH			= "",
	NOTE			= "",
}



@ARTICLE{ Helium39,
	AUTHOR		= "C.C.Grimes and others",
	TITLE			= "Evidence for a liquid to crystal transition in a classical and two-dimensional sheet of electrons",
	JOURNAL		= "Phys.Rev.Lett.",
	YEAR			= "1979",
	VOLUME		= "42",
	NUMBER		= "",
	PAGES			= "795",
	MONTH			= "",
	NOTE			= "",
}



@ARTICLE{ Helium40,
	AUTHOR		= "C.C.Grimes and T.R.Brown",
	TITLE			= "Direct spectroscopic observation of electrons in image-potential states outside liquid helium",
	JOURNAL		= "Phys.Rev.Lett.",
	YEAR			= "1974",
	VOLUME		= "32",
	NUMBER		= "",
	PAGES			= "280",
	MONTH			= "",
	NOTE			= "",
}



@ARTICLE{ Helium41,
	AUTHOR		= "C.C.Grimes and T.R.Brown and M.L.Burns and C.L.Zipfel",
	TITLE			= "Spectroscopy of electrons in image-potential-induced surface states outside liquid helium",
	JOURNAL		= "Phys.Rev.B",
	YEAR			= "140",
	VOLUME		= "1976",
	NUMBER		= "",
	PAGES			= "",
	MONTH			= "",
	NOTE			= "",
}



@ARTICLE{ Helium42,
	AUTHOR		= "B.I.Halperin and D.R.Nelson",
	TITLE			= "Theory of two-dimensional melting",
	JOURNAL		= "Phys.Rev.Lett.",
	YEAR			= "1978",
	VOLUME		= "41",
	NUMBER		= "",
	PAGES			= "121",
	MONTH			= "",
	NOTE			= "",
}



@ARTICLE{ Helium43,
	AUTHOR		= "D.Herman and I.Karakurt and H.Mathur and A.J.Dahm",
	TITLE			= "Damping of quantum interference of electrons on helium",
	JOURNAL		= "Phys.Rev.B",
	YEAR			= "2003",
	VOLUME		= "68",
	NUMBER		= "",
	PAGES			= "033402",
	MONTH			= "",
	NOTE			= "",
}



@ARTICLE{ Helium44,
	AUTHOR		= "D.Herman and H.Mathur and A.J.Dahm",
	TITLE			= "Dephasing of electrons on helium by collisions with gas atoms",
	JOURNAL		= "Phys.Rev.B",
	YEAR			= "2001",
	VOLUME		= "63",
	NUMBER		= "",
	PAGES			= "115418",
	MONTH			= "",
	NOTE			= "",
}



@BOOK{ Helium45,
	AUTHOR       = "A.J.G.Hey and R.Allen (eds.)",
	TITLE        = "Feynman lectures on Computation",
	PUBLISHER    = "Perseus Press",
	YEAR         = "1996",
	VOLUME       = "",
	SERIES       = "",
	ADDRESS      = "",
	EDITION      = "",
	MONTH        = "",
	NOTE         = ""
}



@ARTICLE{ Helium46,
	AUTHOR		= "X.L.Hu and A.J.Dahm",
	TITLE			= "Stability of charged thin helium films",
	JOURNAL		= "Phys.Rev.B",
	YEAR			= "1990",
	VOLUME		= "42",
	NUMBER		= "",
	PAGES			= "2010",
	MONTH			= "",
	NOTE			= "",
}



@ARTICLE{ Helium47,
	AUTHOR		= "H.Ikezi and P.M.Platzman",
	TITLE			= "Stability of helium films charged with electrons",
	JOURNAL		= "Phys.Rev.B",
	YEAR			= "1981",
	VOLUME		= "23",
	NUMBER		= "",
	PAGES			= "1145",
	MONTH			= "",
	NOTE			= "",
}



@ARTICLE{ Helium48,
	AUTHOR		= "Y.Iye",
	TITLE			= "Mobility of electrons in the surface state of liquid helium",
	JOURNAL		= "J.LowTemp.Phys.",
	YEAR			= "1980",
	VOLUME		= "40",
	NUMBER		= "",
	PAGES			= "441",
	MONTH			= "",
	NOTE			= "",
}



@ARTICLE{ Helium49,
	AUTHOR		= "Y.Iye and K.Kono and K.Kajita and W.Sasaki",
	TITLE			= "Escape rate of two-dimensional electrons on a liquid helium surface around 1\,K",
	JOURNAL		= "J.LowTemp.Phys.",
	YEAR			= "1979",
	VOLUME		= "34",
	NUMBER		= "",
	PAGES			= "539",
	MONTH			= "",
	NOTE			= "",
}



@ARTICLE{ Helium50,
	AUTHOR		= "Electron escape from the image-potential-induced surface states on liquid helium",
	TITLE			= "J.Low\,Temp.Phys.",
	JOURNAL		= "38",
	YEAR			= "293",
	VOLUME		= "1980",
	NUMBER		= "",
	PAGES			= "",
	MONTH			= "",
	NOTE			= "",
}



@ARTICLE{ Helium51,
	AUTHOR		= "H.W.Jiang and M.A.Stan and A.J.Dahm",
	TITLE			= "Phase diagrams and melting in a screened two- dimensional system: electrons on helium films",
	JOURNAL		= "Surf.Sci.",
	YEAR			= "1988",
	VOLUME		= "196",
	NUMBER		= "",
	PAGES			= "1",
	MONTH			= "",
	NOTE			= "",
}



@ARTICLE{ Helium52,
	AUTHOR		= "I.Karakurt and A.J.Dahm",
	TITLE			= "Weak localization of electrons on a helium surface",
	JOURNAL		= "J.Low\,Temp.Phys.",
	YEAR			= "1998",
	VOLUME		= "113",
	NUMBER		= "",
	PAGES			= "1091",
	MONTH			= "",
	NOTE			= "",
}



@ARTICLE{ Helium53,
	AUTHOR		= "Dephasing times due to 2D electron-vapor atom scattering",
	TITLE			= "PhysicaB",
	JOURNAL		= "284",
	YEAR			= "1924",
	VOLUME		= "2000",
	NUMBER		= "",
	PAGES			= "",
	MONTH			= "",
	NOTE			= "",
}



@ARTICLE{ Helium54,
	AUTHOR		= "I.Karakurt and D.Herman and H.Mathur and A.J.Dahm",
	TITLE			= "Dephasing times in a non-degenerate two-dimensional electron gas",
	JOURNAL		= "Phys.Rev.Lett.",
	YEAR			= "2000",
	VOLUME		= "85",
	NUMBER		= "",
	PAGES			= "1072",
	MONTH			= "",
	NOTE			= "",
}



@ARTICLE{ Helium55,
	AUTHOR		= "J.Klier and T.Gunzler and A.Wurl and P.Leiderer and G.Mistura and E.Teske and P.Wyder and V. B. Shikin",
	TITLE			= "Two-fraction electron system on a thin helium film",
	JOURNAL		= "J.Low\,Temp.Phys. ",
	YEAR			= "2001",
	VOLUME		= "1",
	NUMBER		= "",
	PAGES			= "451",
	MONTH			= "",
	NOTE			= "",
}



@ARTICLE{ Helium56,
	AUTHOR		= "J.Klier and A.Wurl and P.Leiderer and G.Mistura and V.B.Shikin",
	TITLE			= "Cyclotron resonance for two-dimensional electrons on thin helium films",
	JOURNAL		= "Phys.Rev.B",
	YEAR			= "165428",
	VOLUME		= "2002",
	NUMBER		= "",
	PAGES			= "",
	MONTH			= "",
	NOTE			= "",
}



@ARTICLE{ Helium57,
	AUTHOR		= "K.Kono and U.Albrecht and P.Leiderer",
	TITLE			= "Surface state electrons on a hydrogen film. 2. infuence of adsorbed helium films",
	JOURNAL		= "J.Low\,Temp.Phys.",
	YEAR			= "1991",
	VOLUME		= "85",
	NUMBER		= "",
	PAGES			= "423",
	MONTH			= "",
	NOTE			= "",
}



@ARTICLE{ Helium58,
	AUTHOR		= "J.M.Kosterlitz and D.J.Thouless",
	TITLE			= "Long-range order and metastability in two-dimensional solids and superfluids. (application of dislocation theory)",
	JOURNAL		= "J.Phys.C ",
	YEAR			= "1972",
	VOLUME		= "5 ",
	NUMBER		= "",
	PAGES			= "1124",
	MONTH			= "",
	NOTE			= "",
}



@ARTICLE{ Helium59,
	AUTHOR		= "Ordering and metastability and phase transition in two-dimensional systems",
	TITLE			= "J.Phys.C",
	JOURNAL		= "6",
	YEAR			= "1181",
	VOLUME		= "1973",
	NUMBER		= "",
	PAGES			= "",
	MONTH			= "",
	NOTE			= "",
}



@ARTICLE{ Helium60,
	AUTHOR		= "L.P.Kouwenhoven and D.G.Austing and S.Tarucha",
	TITLE			= "Few-electron quantum dots",
	JOURNAL		= "Rep.Prog.Phys.",
	YEAR			= "2001",
	VOLUME		= "64",
	NUMBER		= "",
	PAGES			= "701",
	MONTH			= "",
	NOTE			= "",
}



@ARTICLE{ Helium61,
	AUTHOR		= "Yu.Z.Kovdrya",
	TITLE			= "One-dimensional and zero-dimensional electron systems on liquid helium (review)",
	JOURNAL		= "Low\,Temp.Phys.",
	YEAR			= "2003",
	VOLUME		= "29",
	NUMBER		= "",
	PAGES			= "no.2",
	MONTH			= "",
	NOTE			= "",
}



@ARTICLE{ Helium62,
	AUTHOR		= "Yu.Z.Kovdrya and V.A.Nikolaenko and S.P.Gladchenko and S.S.Sokolov",
	TITLE			= "Linear electron chains on the liquid helium surface: Carrier transport",
	JOURNAL		= "J.Low\,Temp.Phys. ",
	YEAR			= "1998",
	VOLUME		= "113",
	NUMBER		= "",
	PAGES			= "1109",
	MONTH			= "5-6",
	NOTE			= "",
}



@ARTICLE{ Helium63,
	AUTHOR		= "Yu.Z.Kovdrya and others",
	TITLE			= "Linear electron chains on the surface of superfluid helium",
	JOURNAL		= "Low\,Temp.Phys.",
	YEAR			= "1998",
	VOLUME		= "24",
	NUMBER		= "",
	PAGES			= "837",
	MONTH			= "11",
	NOTE			= "",
}



@ARTICLE{ Helium64,
	AUTHOR		= "H.Kroemer",
	TITLE			= "A proposed class of heterojunction lasers",
	JOURNAL		= "Proc.IEEE",
	YEAR			= "1963",
	VOLUME		= "51",
	NUMBER		= "",
	PAGES			= "1782",
	MONTH			= "",
	NOTE			= "",
}



@ARTICLE{ Helium65,
	AUTHOR		= "E.Krotscheck and M.Miller",
	TITLE			= "Generic electron mobility in surface states on thin helium films",
	JOURNAL		= "Phys.Rev.B",
	YEAR			= "2007",
	VOLUME		= "75",
	NUMBER		= "",
	PAGES			= "205440",
	MONTH			= "",
	NOTE			= "",
}



@BOOK{ Helium66,
	AUTHOR       = "L.D.Landau and E.M.Lifshitz",
	TITLE        = "Electrodynamics of continuous media",
	PUBLISHER    = "Pergamon Press",
	YEAR         = "1984",
	VOLUME       = "",
	SERIES       = "",
	ADDRESS      = "",
	EDITION      = "",
	MONTH        = "",
	NOTE         = ""
}



@BOOK{ Helium67,
	AUTHOR       = "L.D.Landau and E.M.Lifshitz",
	TITLE        = "Fluidmechanics",
	PUBLISHER    = "Pergamon Press",
	YEAR         = "1987",
	VOLUME       = "",
	SERIES       = "",
	ADDRESS      = "",
	EDITION      = "",
	MONTH        = "",
	NOTE         = ""
}



@BOOK{ Helium68,
	AUTHOR       = "E.Lassner and W.D.Schubert",
	TITLE        = "Tungsten: Properties, chemistry technology of the element, alloys and chemical compounds",
	PUBLISHER    = "Kluwer Academic/Plenum Publishers",
	YEAR         = "1999",
	VOLUME       = "",
	SERIES       = "",
	ADDRESS      = "",
	EDITION      = "",
	MONTH        = "",
	NOTE         = ""
}



@ARTICLE{ Helium69,
	AUTHOR		= "R.B.Laughlin",
	TITLE			= "Anomalous quantum Hall effect: An incompressible quantum fluid with fractionally charged excitations",
	JOURNAL		= "Phys.Rev.Lett.",
	YEAR			= "1983",
	VOLUME		= "50",
	NUMBER		= "",
	PAGES			= "1395",
	MONTH			= "",
	NOTE			= "",
}



@ARTICLE{ Helium70,
	AUTHOR		= "M.J.Lea and P.G.Frayne and Yu.Mukharsky",
	TITLE			= "Could we quantum compute with electrons on helium?",
	JOURNAL		= "Fortschr.Phys.",
	YEAR			= "2000",
	VOLUME		= "48",
	NUMBER		= "",
	PAGES			= "1109",
	MONTH			= "",
	NOTE			= "",
}



@ARTICLE{ Helium71,
	AUTHOR		= "M.J.Lea and A.O.Stone and P.Fozooni and J.Frost",
	TITLE			= "Theac response of a 2-D electron gas on liquid helium in a magnetic field",
	JOURNAL		= "J.Low\,Temp.Phys.",
	YEAR			= "1991",
	VOLUME		= "85",
	NUMBER		= "",
	PAGES			= "67",
	MONTH			= "",
	NOTE			= "",
}



@ARTICLE{ Helium72,
	AUTHOR		= "P.Lea and M.J.Fozooni and P.J.Richardson and A.Blackburn",
	TITLE			= "Direct observation of many-electron magnetoconductivity in a nondegenerate electron liquid",
	JOURNAL		= "Phys.Rev.Lett.",
	YEAR			= "1994",
	VOLUME		= "73",
	NUMBER		= "",
	PAGES			= "1142",
	MONTH			= "",
	NOTE			= "",
}



@ARTICLE{ Helium73,
	AUTHOR		= "J.L.Levine and T.M.Sanders",
	TITLE			= "Mobility of electrons in low-temperature helium gas",
	JOURNAL		= "Phys.Rev.",
	YEAR			= "1967",
	VOLUME		= "154",
	NUMBER		= "",
	PAGES			= "138",
	MONTH			= "",
	NOTE			= "",
}



@ARTICLE{ Helium74,
	AUTHOR		= "L.B.Lurio and T.A.Rabedeau and P.S.Pershan and I.F.Silvera and M.Deutsch and S.D.Kosowsky and B.M. Ocko",
	TITLE			= "Liquid-vapor density profile of helium: An x-ray study",
	JOURNAL		= "Phys.Rev.Lett.",
	YEAR			= "1992",
	VOLUME		= "68",
	NUMBER		= "",
	PAGES			= "2628",
	MONTH			= "",
	NOTE			= "",
}



@ARTICLE{ Helium75,
	AUTHOR		= "X-ray specular reflectivity study of the liquid-vapor density profile of 4 He and",
	TITLE			= "Phys.Rev.B ",
	JOURNAL		= "48",
	YEAR			= "9644",
	VOLUME		= "1993",
	NUMBER		= "",
	PAGES			= "",
	MONTH			= "",
	NOTE			= "",
}



@ARTICLE{ Helium76,
	AUTHOR		= "J.M.Luttinger",
	TITLE			= "An exactly soluble model of a many-fermion system",
	JOURNAL		= "J.Math.Phys.",
	YEAR			= "1963",
	VOLUME		= "4",
	NUMBER		= "",
	PAGES			= "1154",
	MONTH			= "",
	NOTE			= "",
}



@ARTICLE{ Helium77,
	AUTHOR		= "M.Masili and A.F.Starace",
	TITLE			= "Static and dynamic dipole polarizability of the helium atom using wave functions involving logarithmic terms",
	JOURNAL		= "Phys.Rev.A",
	YEAR			= "2003",
	VOLUME		= "68",
	NUMBER		= "",
	PAGES			= "012508",
	MONTH			= "",
	NOTE			= "",
}



@ARTICLE{ Helium78,
	AUTHOR		= "R.Mehrotra and A.J.Dahm",
	TITLE			= "Analysis of the Sommer technique for measurement of the mobility for charges in two dimensions",
	JOURNAL		= "J.Low\,Temp.Phys.",
	YEAR			= "1987",
	VOLUME		= "67",
	NUMBER		= "",
	PAGES			= "115",
	MONTH			= "",
	NOTE			= "",
}



@ARTICLE{ Helium79,
	AUTHOR		= "R.Mehrotra and M.Guenin and A.J.Dahm",
	TITLE			= "Ripplon-limited mobility of a two-dimensional crystal of electrons: Experiment",
	JOURNAL		= "Phys.Rev.Lett.",
	YEAR			= "1982",
	VOLUME		= "48",
	NUMBER		= "",
	PAGES			= "9",
	MONTH			= "",
	NOTE			= "",
}



@ARTICLE{ Helium80,
	AUTHOR		= "G.Mistura and O.Tress and E.Teske and V.B.Shikin and P.Wyder and P.Leiderer",
	TITLE			= "Microwave study of surface electrons on helium films in a magnetic field",
	JOURNAL		= "J.Low\,Temp.Phys.",
	YEAR			= "1998",
	VOLUME		= "110",
	NUMBER		= "",
	PAGES			= "243",
	MONTH			= "",
	NOTE			= "",
}



@BOOK{ Helium81,
	AUTHOR       = "Yu.P.Monarkha and K.Kono",
	TITLE        = "Two-dimensional Coulomb liquids and solids",
	PUBLISHER    = "Springer",
	YEAR         = "2004",
	VOLUME       = "",
	SERIES       = "",
	ADDRESS      = "",
	EDITION      = "",
	MONTH        = "",
	NOTE         = ""
}



@ARTICLE{ Helium82,
	AUTHOR		= "Yu.P.Monarkha and E.Teske and P.Wyder",
	TITLE			= "Quantum magnetotransport in two-dimensional Coulomb liquids",
	JOURNAL		= "Phys.Rep.",
	YEAR			= "2002",
	VOLUME		= "370",
	NUMBER		= "",
	PAGES			= "1",
	MONTH			= "",
	NOTE			= "",
}



@ARTICLE{ Helium83,
	AUTHOR		= "R.H.Morf",
	TITLE			= "Temperature dependence of the shear modulus and melting of the two-dimensional electron solid",
	JOURNAL		= "Phys.Rev.Lett.",
	YEAR			= "1979",
	VOLUME		= "43",
	NUMBER		= "",
	PAGES			= "931",
	MONTH			= "",
	NOTE			= "",
}



@ARTICLE{ Helium84,
	AUTHOR		= "P.J.Nacher and J.Dupont-Roc",
	TITLE			= "Experimental evidence for nonwetting with superfluid helium",
	JOURNAL		= "Phys.Rev.Lett.",
	YEAR			= "1991",
	VOLUME		= "67",
	NUMBER		= "",
	PAGES			= "2966",
	MONTH			= "",
	NOTE			= "",
}



@ARTICLE{ Helium85,
	AUTHOR		= "V.A.Nikolaenko and Yu.Z.Kovdrya and Yu.Mukharskii",
	TITLE			= "Possible spatial ordering of particles in electron chains over liquid helium",
	JOURNAL		= "Low\,Temperature\,Physics",
	YEAR			= "2006",
	VOLUME		= "32",
	NUMBER		= "",
	PAGES			= "617",
	MONTH			= "",
	NOTE			= "",
}



@ARTICLE{ Helium86,
	AUTHOR		= "H.Oberst and Y.Tashiro and K.Shimizu and F.Shimizu",
	TITLE			= "Quantum reflection of $He^*$ on silicon",
	JOURNAL		= "Phys.Rev.A",
	YEAR			= "2005",
	VOLUME		= "71",
	NUMBER		= "",
	PAGES			= "052901",
	MONTH			= "",
	NOTE			= "",
}



@ARTICLE{ Helium87,
	AUTHOR		= "R.M.Ostermeier and K.W.Schwarz",
	TITLE			= "Surface-bound electrons on liquid helium\,--— a negative result",
	JOURNAL		= "Phys.Rev.Lett.",
	YEAR			= "1972",
	VOLUME		= "29",
	NUMBER		= "",
	PAGES			= "25",
	MONTH			= "",
	NOTE			= "",
}



@ARTICLE{ Helium88,
	AUTHOR		= "G.Papageorgiou and P.Glasson and K.Harrabi and V.Antonov and E.Collin and P.Fozooni and P.G.Frayne and M.J.Lea and Y.Mukharsky and D.G.Rees",
	TITLE			= "Counting individual electrons on liquid helium",
	JOURNAL		= "ArXiv.org",
	YEAR			= "2007",
	VOLUME		= "cond-mat/0405084,",
	NUMBER		= "",
	PAGES			= "",
	MONTH			= "",
	NOTE			= "",
}



@ARTICLE{ Helium89,
	AUTHOR		= "F.M.Peeters",
	TITLE			= "Two-dimensional wigner crystal of electrons on a helium film: Static and dynamical properties",
	JOURNAL		= "Phys.Rev.B",
	YEAR			= "1984",
	VOLUME		= "30",
	NUMBER		= "",
	PAGES			= "159",
	MONTH			= "",
	NOTE			= "",
}



@ARTICLE{ Helium90,
	AUTHOR		= "F.M.Peeters and P.M.Platzman",
	TITLE			= "Electrons on films of helium: A quantum mechanical two-dimensional fermion system",
	JOURNAL		= "Phys.Rev.Lett.",
	YEAR			= "1983",
	VOLUME		= "50",
	NUMBER		= "",
	PAGES			= "2021",
	MONTH			= "",
	NOTE			= "",
}



@ARTICLE{ Helium91,
	AUTHOR		= "P.M.Platzman and M.I.Dykman",
	TITLE			= "Quantum computing with electrons floating on liquid helium",
	JOURNAL		= "Science",
	YEAR			= "1999",
	VOLUME		= "284",
	NUMBER		= "",
	PAGES			= "1967",
	MONTH			= "",
	NOTE			= "",
}



@ARTICLE{ Helium92,
	AUTHOR		= "H.Rupprecht and J.M.Woodall and G.D.Pettit",
	TITLE			= "Efficient visible electroluminescence at 300~K from Gal-x Alx Asp-n junctions grown by liquid-phase epitaxy",
	JOURNAL		= "Appl.Phys.Lett.",
	YEAR			= "1967",
	VOLUME		= "11",
	NUMBER		= "",
	PAGES			= "81",
	MONTH			= "",
	NOTE			= "",
}



@ARTICLE{ Helium93,
	AUTHOR		= "A.S.Rybalko and Yu.Z.Kovdrya and B.N.Esel’son",
	TITLE			= "Electron mobility near the surface of liquid helium at temperatures down to 0.5K",
	JOURNAL		= "JETP Lett.",
	YEAR			= "1976",
	VOLUME		= "22",
	NUMBER		= "",
	PAGES			= "280",
	MONTH			= "",
	NOTE			= "",
}



@ARTICLE{ Helium94,
	AUTHOR		= "M.Saitoh",
	TITLE			= "Melting temperature of two-dimensional electron crystals trapped on thin-film liquid he",
	JOURNAL		= "Phys.Rev.B",
	YEAR			= "1989",
	VOLUME		= "40",
	NUMBER		= "",
	PAGES			= "810",
	MONTH			= "",
	NOTE			= "",
}



@ARTICLE{ Helium95,
	AUTHOR		= "D.Savignac and P.Leiderer",
	TITLE			= "Charge-induced instability of the He solid-superfluid interface",
	JOURNAL		= "Phys.Rev.Lett.",
	YEAR			= "1982",
	VOLUME		= "49",
	NUMBER		= "",
	PAGES			= "1869",
	MONTH			= "",
	NOTE			= "",
}



@ARTICLE{ Helium96,
	AUTHOR		= "V.B.Shikin",
	TITLE			= "Motion of helium ions near a vapour-liquid surface",
	JOURNAL		= "Sov.Phys.JETP",
	YEAR			= "1970",
	VOLUME		= "31",
	NUMBER		= "",
	PAGES			= "939",
	MONTH			= "",
	NOTE			= "",
}



@ARTICLE{ Helium97,
	AUTHOR		= "Cyclotron resonance for electrons over helium in a resonator",
	TITLE			= "JETP Lett.",
	JOURNAL		= "75",
	YEAR			= "29",
	VOLUME		= "2002",
	NUMBER		= "",
	PAGES			= "",
	MONTH			= "",
	NOTE			= "",
}



@ARTICLE{ Helium98,
	AUTHOR		= "Mobility of electrons on a liquid-helium film with a rough substrate",
	TITLE			= "JETP Lett. ",
	JOURNAL		= "76 ",
	YEAR			= "355",
	VOLUME		= "2002",
	NUMBER		= "",
	PAGES			= "",
	MONTH			= "",
	NOTE			= "",
}



@ARTICLE{ Helium99,
	AUTHOR		= "V.B.Shikin and J.Klier and I.Doicescu and A.Wurl and P.Leiderer",
	TITLE			= "Dip problem of the electron mobility on a thin helium film",
	JOURNAL		= "Phys.Rev.B",
	YEAR			= "2001",
	VOLUME		= "64",
	NUMBER		= "",
	PAGES			= "073401",
	MONTH			= "",
	NOTE			= "",
}



@ARTICLE{ Helium100,
	AUTHOR		= "K.Shirahama and K.Kono",
	TITLE			= "Dynamical transition in the Wigner solid on a liquid helium surface",
	JOURNAL		= "Phys.Rev.Lett.",
	YEAR			= "1995",
	VOLUME		= "74",
	NUMBER		= "",
	PAGES			= "781",
	MONTH			= "",
	NOTE			= "",
}



@ARTICLE{ Helium101,
	AUTHOR		= "W.T.Sommer and D.J.Tanner",
	TITLE			= "Mobility of electrons on the surface of liquid He",
	JOURNAL		= "Phys.Rev.Lett.",
	YEAR			= "1971",
	VOLUME		= "27",
	NUMBER		= "",
	PAGES			= "1345",
	MONTH			= "",
	NOTE			= "",
}



@ARTICLE{ Helium102,
	AUTHOR		= "M.J.Stephen",
	TITLE			= "Weak localization and the conductivity of nondegenerate electrons",
	JOURNAL		= "Phys.Rev.B ",
	YEAR			= "1987",
	VOLUME		= "36",
	NUMBER		= "",
	PAGES			= "5663",
	MONTH			= "",
	NOTE			= "",
}



@ARTICLE{ Helium103,
	AUTHOR		= "B.Tanatar and T.Hakioglu",
	TITLE			= "Superconductivity of two-dimensional electrons on the surface of liquid helium films",
	JOURNAL		= "Sol.St.Comm.",
	YEAR			= "1993",
	VOLUME		= "88",
	NUMBER		= "",
	PAGES			= "115",
	MONTH			= "",
	NOTE			= "",
}


@PHDTHESIS{ Helium104,
	AUTHOR       = "E.Teske",
	TITLE        = "Coulomb effects in magnetotransport of a non-degenerate two-dimensional electron system",
	SCHOOL       = "University of Konstanz",
	YEAR         = "2004",
	ADDRESS      = "",
	MONTH        = "",
	NOTE         = ""
}



@ARTICLE{ Helium105,
	AUTHOR		= "E.Teske and Yu.P.Monarkha and M.Seck and P.Wyder",
	TITLE			= "Coulomb narrowing of the quantum cyclotron resonance in a nondegenerate two-dimensional electron liquid",
	JOURNAL		= "Phys.Rev.Lett.",
	YEAR			= "1999",
	VOLUME		= "82",
	NUMBER		= "",
	PAGES			= "2772",
	MONTH			= "",
	NOTE			= "",
}



@ARTICLE{ Helium106,
	AUTHOR		= "D.J.Thouless",
	TITLE			= "Electrons in disordered systems and the theory of localization",
	JOURNAL		= "Phys.Rep.",
	YEAR			= "1974",
	VOLUME		= "13",
	NUMBER		= "",
	PAGES			= "93",
	MONTH			= "",
	NOTE			= "",
}



@ARTICLE{ Helium107,
	AUTHOR		= "H.Totsuji",
	TITLE			= "Numerical experiment on two-dimensional electron liquids. Thermodynamic properties and onset of short range order",
	JOURNAL		= "Phys.Rev.A",
	YEAR			= "1978",
	VOLUME		= "17",
	NUMBER		= "",
	PAGES			= "399",
	MONTH			= "",
	NOTE			= "",
}



@ARTICLE{ Helium108,
	AUTHOR		= "D.C.Tsui and H.L.Stormer and A.C.Gossard",
	TITLE			= "Two-dimensional magnetotransport in the extreme quantum limit",
	JOURNAL		= "Phys.Rev.Lett.",
	YEAR			= "1982",
	VOLUME		= "48",
	NUMBER		= "",
	PAGES			= "1559",
	MONTH			= "",
	NOTE			= "",
}



@ARTICLE{ Helium109,
	AUTHOR		= "K.V.Klitzing and G.Dorda and M.Pepper",
	TITLE			= "New method for high-accuracy determination of the fine-structure constant based on quantized Hall resistance",
	JOURNAL		= "Phys.Rev.Lett.",
	YEAR			= "1980",
	VOLUME		= "45",
	NUMBER		= "",
	PAGES			= "494",
	MONTH			= "",
	NOTE			= "",
}



@ARTICLE{ Helium110,
	AUTHOR		= "A.M.C.Valkering and H.Yayama and R.W.van~der~Heijden",
	TITLE			= "Mobility of electrons on a helium film capillary condensed on a 2d-grating",
	JOURNAL		= "J.Low\,Temp.Phys.",
	YEAR			= "1998",
	VOLUME		= "113",
	NUMBER		= "",
	PAGES			= "873",
	MONTH			= "",
	NOTE			= "",
}



@ARTICLE{ Helium111,
	AUTHOR		= "C.Vicente and W.Yao and H.J.Maris and G.M.Seidel",
	TITLE			= "Surface tension of liquid he as measured using the vibration modes of a levitated drop",
	JOURNAL		= "Phys.Rev.B",
	YEAR			= "2002",
	VOLUME		= "66",
	NUMBER		= "",
	PAGES			= "214504",
	MONTH			= "",
	NOTE			= "",
}



@ARTICLE{ Helium112,
	AUTHOR		= "M.Wanner and P.Leiderer",
	TITLE			= "Charge-induced ripplon softening and dimple crystallization at the interface of $\vphantom{H}^{3}He$ - $\vphantom{H}^{4}He$ mixtures",
	JOURNAL		= "Phys.Rev.Lett.",
	YEAR			= "1979",
	VOLUME		= "42",
	NUMBER		= "",
	PAGES			= "315",
	MONTH			= "",
	NOTE			= "",
}



@ARTICLE{ Helium113,
	AUTHOR		= "J.D.Weeks",
	TITLE			= "Volume change on melting for systems with inverse-power-law interactions",
	JOURNAL		= "Phys.Rev.B",
	YEAR			= "1981",
	VOLUME		= "24",
	NUMBER		= "",
	PAGES			= "1530",
	MONTH			= "",
	NOTE			= "",
}



@ARTICLE{ Helium114,
	AUTHOR		= "W.Wigner",
	TITLE			= "On the interaction of electrons in metals",
	JOURNAL		= "Phys.Rev.",
	YEAR			= "1934",
	VOLUME		= "46",
	NUMBER		= "",
	PAGES			= "1002",
	MONTH			= "",
	NOTE			= "",
}



@ARTICLE{ Helium115,
	AUTHOR		= "L.Wilen and R.Giannetta",
	TITLE			= "Cyclotron resonance of the two-dimensional electron crystal",
	JOURNAL		= "Phys.Rev.Lett.",
	YEAR			= "1988",
	VOLUME		= "60",
	NUMBER		= "",
	PAGES			= "231",
	MONTH			= "",
	NOTE			= "",
}



@ARTICLE{ Helium116,
	AUTHOR		= "F.I.B.Williams and R.S.Crandall and A.H.Willis",
	TITLE			= "Surface states of electrons on liquid helium",
	JOURNAL		= "Phys.Rev.Lett.",
	YEAR			= "1971",
	VOLUME		= "26",
	NUMBER		= "",
	PAGES			= "7",
	MONTH			= "",
	NOTE			= "",
}


@PHDTHESIS{ Helium117,
	AUTHOR       = "A.Wurl",
	TITLE        = "",
	SCHOOL       = "University of Konstanz",
	YEAR         = "2004",
	ADDRESS      = "",
	MONTH        = "",
	NOTE         = ""
}



@ARTICLE{ Helium118,
	AUTHOR		= "A.P.Young",
	TITLE			= "Melting and the vector Coulomb gas in two dimensions",
	JOURNAL		= "Phys.Rev.B",
	YEAR			= "1979",
	VOLUME		= "19",
	NUMBER		= "",
	PAGES			= "1855",
	MONTH			= "",
	NOTE			= "",
}



@ARTICLE{ Helium119,
	AUTHOR		= "J.Zinn-Justin",
	TITLE			= "Quantum field theory and critical phenomena",
	JOURNAL		= "Clarendon Press",
	YEAR			= "1996",
	VOLUME		= "",
	NUMBER		= "",
	PAGES			= "",
	MONTH			= "",
	NOTE			= "",
}



@PHDTHESIS{ Helium120,
	AUTHOR       = "S.Koutsoumpos",
	TITLE        = "Surface State Electron Dynamics on
Deformed Liquid Helium Films",
	SCHOOL       = "Konstanz",
	YEAR         = "2010",
	ADDRESS      = "",
	MONTH        = "",
	NOTE         = ""
}



@PHDTHESIS{ Helium121,
	AUTHOR       = "D.K.Lambert",
	TITLE        = "Electrons on the surface of liquid helium",
	SCHOOL       = "Lawrence Berkeley Laboratory",
	YEAR         = "1979",
	ADDRESS      = "",
	MONTH        = "",
	NOTE         = ""
}



@PHDTHESIS{ Helium122,
	AUTHOR       = "I.Skachko",
	TITLE        = "Phase diagram of a 2-dimensional electron system on the surface of liquid helium",
	SCHOOL       = "Rutgers, The State University of New Jersey",
	YEAR         = "2006",
	ADDRESS      = "",
	MONTH        = "",
	NOTE         = ""
}


@ARTICLE{ Helium123,
	AUTHOR       = "V.S.Edel’man",
	TITLE        = "Levitated electrons",
	JOURNAL      = "Uspekhi Fizicheskikh Nauk",
	YEAR         = "1980",
	VOLUME       = "23",
	NUMBER       = "4",
	PAGES        = "227--244",
	MONTH        = "April",
	NOTE         = ""
}
