
@ARTICLE{ Capillar1,
	AUTHOR       = "P.A.Kralchevsky and K.Nagayama",
	TITLE        = "Capillary forces between paticles bound to interfaces, liquid films and biomembranes",
	JOURNAL      = "Advances in Colloid and Interface Science",
	YEAR         = "2000",
	VOLUME       = "85",
	NUMBER       = "",
	PAGES        = "145--192",
	MONTH        = "",
	NOTE         = ""
}

@ARTICLE{ Capillar2,
	AUTHOR       = "D.F.Gerson and J.E.Zaijc and M.D.Ouchi and M.Tomlinson Ed.",
	TITLE        = "Chemistry for energy",
	JOURNAL      = "ACS symposium series",
	YEAR         = "1979",
	VOLUME       = "",
	NUMBER       = "",
	PAGES        = "66",
	MONTH        = "",
	NOTE         = ""
}

@ARTICLE{ Capillar3,
	AUTHOR       = "J.D.Henry and M.E.Prudich and K.R.Vaidyanathan",
	TITLE        = "",
	JOURNAL      = "Sep.Purif.Methods",
	YEAR         = "1979",
	VOLUME       = "8",
	NUMBER       = "",
	PAGES        = "81",
	MONTH        = "",
	NOTE         = ""
}

@ARTICLE{ Capillar4,
	AUTHOR       = "M.M.Nicolson",
	TITLE        = "",
	JOURNAL      = "Proc. Cambridge Philos. Soc.",
	YEAR         = "1949",
	VOLUME       = "45",
	NUMBER       = "",
	PAGES        = "288",
	MONTH        = "",
	NOTE         = ""
}

@ARTICLE{ Capillar5,
	AUTHOR       = "D.Y.C.Chan and J.D.Henry and L.R.White",
	TITLE        = "The interaction of colloidal particles collected at fluid interfaces",
	JOURNAL      = "J. Colloid Interface Sci.",
	YEAR         = "1981",
	VOLUME       = "79",
	NUMBER       = "2",
	PAGES        = "410--418",
	MONTH        = "February",
	NOTE         = ""
}

@ARTICLE{ Capillar6,
	AUTHOR       = "V.N.Paunov and P.A.Kralchevsky and N.D.Denkov and K.Nagayama",
	TITLE        = "Lateral Capillary Forces Between Floating Submillimeter Particles",
	JOURNAL      = "J. Colloid Interface Sci.",
	YEAR         = "1993",
	VOLUME       = "157",
	NUMBER       = "",
	PAGES        = "100--112",
	MONTH        = "",
	NOTE         = ""
}


@ARTICLE{ Capillar7,
	AUTHOR       = "P.A.Kralchevsky and K.Nagayama",
	TITLE        = "Capillary Forces between Colloidal Particles",
	JOURNAL      = "Langmuir",
	YEAR         = "1994",
	VOLUME       = "10",
	NUMBER       = "",
	PAGES        = "23--36",
	MONTH        = "",
	NOTE         = ""
}


@ARTICLE{ Capillar8,
	AUTHOR       = "P.A.Kralchevsky and V.N.Paunov and N.D.Denkov and K.Nagayama",
	TITLE        = "Capillary Image Forces: I. Theory",
	JOURNAL      = "J. Colloid Interface Sci.",
	YEAR         = "1994",
	VOLUME       = "167",
	NUMBER       = "",
	PAGES        = "47--65",
	MONTH        = "",
	NOTE         = ""
}
